@article{SHU2020_GMD,
author = {Shu, Lele and Ullrich, Paul A and Duffy, Christopher J},
doi = {10.5194/gmd-13-2743-2020},
journal = {Geoscientific Model Development},
keywords = {,Baseflow,Climatology,Computer science,Evapotranspiration,Finite volume method,Groundwater flow,Hydrology,Solver,Surface runoff,Topographic map,Watershed},
number = {6},
pages = {2743--2762},
title = {{Simulator for Hydrologic Unstructured Domains (SHUD v1.0): numerical modeling of watershed hydrology with the finite volume method}},
url = {https://www.geosci-model-dev.net/13/2743/2020/},
volume = {13},
year = {2020}
}

@article{Vauclin1979,
    title = {{Experimental and numerical study of a transient, two-dimensional unsaturated-saturated water table recharge problem}},
    year = {1979},
    journal = {Water Resources Research},
    author = {Vauclin, M. and Khanji, D. and Vachaud, G.},
    number = {5},
    month = {10},
    pages = {1089--1101},
    volume = {15},
    publisher = {John Wiley {\&} Sons, Ltd},
    doi = {10.1029/WR015i005p01089},
    issn = {1944-7973},
    keywords = {1830 Groundwater/surface water interaction}
}


@techreport{Leavesley1983a,
    title = {{Precipitation-runoff modeling system; user's manual}},
    year = {1983},
    booktitle = {Water-Resources Investigations Report},
    author = {Leavesley, G. H. and Lichty, R.W. W and Troutman, B.M. M and Saindon, L.G. G},
    edition = {-},
    pages = {207},
    institution = {USGS},
    address = {Denver, Colorado},
    isbn = {83-4238},
    doi = {10.3133/wri834238},
    language = {ENGLISH}
}

@phdthesis{Li2008,
author = {Li, Shuangcai},
file = {:Users/leleshu/Library/Application Support/Mendeley Desktop/Downloaded/Li - 2008 - INTEGRATED MODELING OF MULTI-SCALE HYDRODYNAMICS, SEDIMENT AND POLLUTANT TRANSPORT(2).pdf:pdf},
mendeley-groups = {Christ Duffy/Dissertation,Christ Duffy,Dissertations},
number = {December},
title = {{INTEGRATED MODELING OF MULTI-SCALE HYDRODYNAMICS, SEDIMENT AND POLLUTANT TRANSPORT}},
year = {2008}
}

@article{Li2011,
author = {Li, Shuangcai and Duffy, Christopher J.},
doi = {10.1029/2010WR009751},
issn = {0043-1397},
journal = {Water Resources Research},
keywords = {bed evolution,sediment modeling},
month = {mar},
number = {3},
pages = {1--20},
title = {{Fully coupled approach to modeling shallow water flow, sediment transport, and bed evolution in rivers}},
volume = {47},
year = {2011}
}

@phdthesis{Kumar2009,
author = {Kumar, Mukesh},
file = {:Users/leleshu/Library/Application Support/Mendeley Desktop/Downloaded/Kumar - 2009 - Toward a hydrologic modeling system(3).pdf:pdf},
mendeley-groups = {Christ Duffy/Dissertation,Christ Duffy},
number = {August},
school = {Pennsylvania State University},
title = {{Toward a hydrologic modeling system}},
type = {Ph.D},
year = {2009}
}
@article{Li2006,
author = {Li, S. and Duffy, C. J. and Qu, Y.},
journal = {American Geophysical Union, Fall Meeting 2006, abstract {\#}H21G-1450},
keywords = {1800 HYDROLOGY,1815 Erosion,1847 Modeling,1849 Numerical approximations and analysis,1862 Sediment transport (4558)},
mendeley-groups = {Christ Duffy},
title = {{Coupling Sediment Transport with the Integrated Hydrologic Model (PIHM)}},
year = {2006}
}
@article{Kumar2006a,
author = {Kumar, M. and Bhatt, G. and Qu, Y. and Duffy, C. J.},
journal = {American Geophysical Union, Fall Meeting 2006, abstract {\#}H31H-07},
keywords = {1813 Eco-hydrology,1829 Groundwater hydrology,1855 Remote sensing (1640),1860 Streamflow,1875 Vadose zone},
mendeley-groups = {Christ Duffy},
title = {{Coupling hydrologic processes across different spatio-temporal scales: The Juniata River Basin}},
year = {2006}
}
@phdthesis{Bhatt2012,
author = {Bhatt, Gopal},
mendeley-groups = {Christ Duffy/Dissertation,Christ Duffy},
number = {December},
school = {Pennsylvania State University},
title = {{A distributed hydrologic modeling system: Framework for discovery and management of water resources}},
year = {2012}
}

@article{Yu2015,
author = {Yu, Xuan and Lama{\v{c}}ov{\'{a}}, Anna and Duffy, Christopher and Kr{\'{a}}m, Pavel and Hru{\v{s}}ka, Jakub},
doi = {10.1016/j.cageo.2015.05.006},
file = {:Users/leleshu/Library/Application Support/Mendeley Desktop/Downloaded/Yu et al. - 2016 - Hydrological model uncertainty due to spatial evapotranspiration estimation methods(2).pdf:pdf},
issn = {00983004},
journal = {Computers {\&} Geosciences},
keywords = {Biome-BGC,Evapotranspiration,Forest management,PIHM,Uncertainty},
mendeley-groups = {Christ Duffy,Hydrology/calibration/Uncertainty},
pages = {90--101},
title = {{Hydrological model uncertainty due to spatial evapotranspiration estimation methods}},
url = {http://linkinghub.elsevier.com/retrieve/pii/S0098300415001107},
volume = {90},
year = {2015}
}
@article{Shi2015,
author = {Shi, Yuning and Baldwin, Douglas C. and Davis, Kenneth J. and Yu, Xuan and Duffy, Christopher J. and Lin, Henry},
doi = {10.1002/hyp.10593},
file = {:Users/leleshu/Library/Application Support/Mendeley Desktop/Downloaded/Shi et al. - 2015 - Simulating high-resolution soil moisture patterns in the Shale Hills watershed using a land surface hydrologic mo(2).pdf:pdf},
issn = {10991085},
journal = {Hydrological Processes},
keywords = {Hydrologic model,Soil map,Soil moisture pattern},
mendeley-groups = {Christ Duffy,PIHM},
number = {21},
pages = {4624--4637},
title = {{Simulating high-resolution soil moisture patterns in the Shale Hills watershed using a land surface hydrologic model}},
volume = {29},
year = {2015}
}
@article{Shi2015a,
author = {Shi, Yuning and Davis, Kenneth J. and Zhang, Fuqing and Duffy, Christopher J. and Yu, Xuan},
doi = {10.1016/j.advwatres.2015.06.009},
file = {:Users/leleshu/Library/Application Support/Mendeley Desktop/Downloaded/Shi et al. - 2015 - Parameter estimation of a physically-based land surface hydrologic model using an ensemble Kalman filter A multiv(2).pdf:pdf},
issn = {03091708},
journal = {Advances in Water Resources},
keywords = {Data assimilation,Ensemble kalman filter,Hydrologic model,Land surface model,Parameter estimation},
mendeley-groups = {Christ Duffy,PIHM},
pages = {421--427},
publisher = {Elsevier Ltd.},
title = {{Parameter estimation of a physically-based land surface hydrologic model using an ensemble Kalman filter: A multivariate real-data experiment}},
url = {http://dx.doi.org/10.1016/j.advwatres.2015.06.009},
volume = {83},
year = {2015}
}
@article{Yu2014,
author = {Yu, Xuan and Duffy, Christopher and Baldwin, Doug C. and Lin, Henry},
doi = {10.1016/j.jhydrol.2014.02.055},
file = {:Users/leleshu/Library/Application Support/Mendeley Desktop/Downloaded/Yu et al. - 2014 - The role of macropores and multi-resolution soil survey datasets for distributed surface-subsurface flow modeling(4).pdf:pdf},
isbn = {0022-1694},
issn = {00221694},
journal = {Journal of Hydrology},
keywords = {CZO,Macropore,PIHM,Shale Hills,Soil survey,Subsurface storm flow},
mendeley-groups = {Christ Duffy,soil properties/Macropores,Must Read/New},
pages = {97--106},
publisher = {Elsevier B.V.},
title = {{The role of macropores and multi-resolution soil survey datasets for distributed surface-subsurface flow modeling}},
url = {http://dx.doi.org/10.1016/j.jhydrol.2014.02.055},
volume = {516},
year = {2014}
}
@article{Bhatt2014,
author = {Bhatt, Gopal and Kumar, Mukesh and Duffy, Christopher J.},
doi = {10.1016/j.envsoft.2014.08.003},
isbn = {13648152},
issn = {13648152},
journal = {Environmental Modelling and Software},
keywords = {Distributed hydrologic model,GIS,PIHM,PIHMgis,PIHMgis Shared geodata model,Shared geodata model},
mendeley-groups = {Christ Duffy},
pages = {70--84},
publisher = {Elsevier Ltd},
title = {{A tightly coupled GIS and distributed hydrologic modeling framework}},
url = {http://linkinghub.elsevier.com/retrieve/pii/S1364815214002266 http://dx.doi.org/10.1016/j.envsoft.2014.08.003},
volume = {62},
year = {2014}
}

@article{Kumar2009d,
author = {Kumar, Mukesh and Bhatt, Gopal and Duffy, Christopher J.},
doi = {10.1080/13658810802344143},
isbn = {1365-8816},
issn = {1365-8816},
journal = {International Journal of Geographical Information Science},
keywords = {Climatic changes,Constrained delaunay triangulation,Domain decomposition,Geodata representation,Geodatabases,Hydrographic surveying,Hydrologic modeling,Hydrologic models,Mesh generation,Watershed hydrology,constrained delaunay,constrained delaunay triangulation,domain decomposition,geodata representation,hydrologic modeling,mesh generation,triangulation},
mendeley-groups = {Christ Duffy},
month = {dec},
number = {12},
pages = {1569--1596},
publisher = {Taylor {\&} Francis Ltd},
title = {{An efficient domain decomposition framework for accurate representation of geodata in distributed hydrologic models}},
volume = {23},
year = {2009}
}

2009,
author = {Kumar, Mukesh},
mendeley-groups = {Christ Duffy/Dissertation,Christ Duffy},
number = {August},
school = {Pennsylvania State University},
title = {{Toward a hydrologic modeling system}},
type = {Ph.D},
year = {2009}
}

@article{Qu2007,
author = {Qu, Yizhong and Duffy, Christopher J.},
doi = {10.1029/2006WR005752},
issn = {0043-1397},
journal = {Water Resources Research},
month = {aug},
number = {8},
pages = {1--18},
title = {{A semidiscrete finite volume formulation for multiprocess watershed simulation}},
volume = {43},
year = {2007}
}
@inproceedings{Kumar2004a,
author = {Kumar, M and Duffy, C J and Reed, P M},
booktitle = {Geoscience and Remote Sensing Symposium, 2004. IGARSS '04. Proceedings. 2004 IEEE International},
doi = {10.1109/IGARSS.2004.1370398},
isbn = {VO - 5},
mendeley-groups = {Christ Duffy},
number = {C},
pages = {3264--3267 vol.5},
title = {{Enhancing the performance of feature selection algorithms for classifying hyperspectral imagery}},
volume = {5},
year = {2004}
}
@phdthesis{Qu2004,
author = {Qu, Yizhong},
mendeley-groups = {Christ Duffy},
number = {December},
title = {{An integrated hydrologic model for multi-process simulation using semi-discrete finite volume approach}},
url = {http://gradworks.umi.com/31/72/3172997.html},
year = {2004}
}



@article{Duffy1996a,
author = {Duffy, Christopher J},
doi = {10.1029/96WR01049},
issn = {00431397},
journal = {Water Resources Research},
keywords = {doi:10.1029/96WR01049,http://dx.doi.org/10.1029/96WR01049},
month = {aug},
number = {8},
pages = {2421--2434},
title = {{A two-state integral-balance model for soil moisture and groundwater dynamics in complex terrain}},
volume = {32},
year = {1996}
}


@article{Brandes1998,
author = {Brandes, David and Duffy, Christopher J. and Cusumano, Joseph P.},
doi = {10.1029/98WR02532},
issn = {00431397},
journal = {Water Resources Research},
month = {dec},
number = {12},
pages = {3303--3313},
title = {{Stability and damping in a dynamical model of hillslope hydrology}},
volume = {34},
year = {1998}
}

@article{Kumar2009a,
author = {Kumar, Mukesh and Duffy, Christopher J. and Salvage, Karen M},
doi = {10.2136/vzj2009.0014},
issn = {15391663},
journal = {Vadose Zone Journal},
month = {nov},
number = {4},
pages = {873--890},
title = {{A Second-Order Accurate, Finite Volume-Based, Integrated Hydrologic Modeling (FIHM) Framework for Simulation of Surface and Subsurface Flow}},
volume = {8},
year = {2009}
}

@article{Leonard2013,
author = {Leonard, Lorne and Duffy, Christopher J.},
doi = {10.1016/j.envsoft.2013.09.003},
issn = {13648152},
journal = {Environmental Modelling {\&} Software},
month = {dec},
pages = {85--96},
publisher = {Elsevier Ltd},
title = {{Essential Terrestrial Variable data workflows for distributed water resources modeling}},
volume = {50},
year = {2013}
}

@article{Shi2014,
author = {Shi, Yuning and Davis, Kenneth J. and Zhang, Fuqing and Duffy, Christopher J. and Yu, Xuan},
doi = {10.1002/2013WR014070},
issn = {00431397},
journal = {Water Resources Research},
keywords = {EnKF,data assimilation,hydrologic model,land surface model,parameter estimation,physically based model},
number = {1},
pages = {706--724},
title = {{Parameter estimation of a physically based land surface hydrologic model using the ensemble Kalman filter: A synthetic experiment}},
volume = {50},
year = {2014}
}

@article{Zhang2016,
author = {Zhang, Yu and Slingerland, Rudy and Duffy, Christopher},
doi = {10.1016/j.envsoft.2016.04.014},
isbn = {1364-8152},
issn = {13648152},
journal = {Environmental Modelling {\&} Software},
keywords = {Groundwater sapping,LE-PIHM,Landscape evolution,Morphological acceleration,Sediment transport,Subsurface hydrology},
pages = {89--107},
publisher = {Elsevier Ltd},
title = {{Fully-coupled hydrologic processes for modeling landscape evolution}},
volume = {82},
year = {2016}
}


@phdthesis{Bao2016,
author = {Bao, Chen},
number = {May},
school = {Pennsylvania State University},
title = {{Understanding Hydrological And Geochemical Controls On Solute Concentrations At Large Scale}},
year = {2016}
}

@article{Bao2017,
author = {Bao, Chen and Li, Li and Shi, Yuning and Duffy, Christopher},
doi = {10.1002/2016WR018934},
issn = {00431397},
journal = {Water Resources Research},
month = {mar},
number = {3},
pages = {2328--2345},
title = {{Understanding watershed hydrogeochemistry: 1. Development of RT-Flux-PIHM}},
volume = {53},
year = {2017}
}

@article{Shen2010,
    title = {{A process-based, distributed hydrologic model based on a large-scale method for surface-subsurface coupling}},
    year = {2010},
    journal = {Advances in Water Resources},
    author = {Shen, Chaopeng and Phanikumar, Mantha S.},
    number = {12},
    pages = {1524--1541},
    volume = {33},
    isbn = {0309-1708},
    doi = {10.1016/j.advwatres.2010.09.002},
    issn = {03091708},
    keywords = {Catchment hydrology, Distributed hydrological model, Mechanistic models, Multiscale models, Process-based models, Runoff generation}
}



@incollection{Hansen2016,
    title = {{The CMA Evolution Strategy: A Comparing Review}},
    year = {2016},
    booktitle = {Towards a New Evolutionary Computation},
    author = {Hansen, Nikolaus},
    pages = {75--102},
    publisher = {Springer-Verlag},
    address = {Berlin/Heidelberg},
    isbn = {3540290060},
    doi = {10.1007/11007937{\_}4},
    issn = {14349922},
    pmid = {15003161},
    arxivId = {1604.00772}
}



